@article{KingmaAuto:2013,
  title={Auto-encoding variational bayes},
  author={Kingma, Diederik P and Welling, Max},
  journal={arXiv preprint arXiv:1312.6114},
  year={2013}
}

@article{GoodfellowNips:2016,
  title={NIPS 2016 tutorial: Generative adversarial networks},
  author={Goodfellow, Ian},
  journal={arXiv preprint arXiv:1701.00160},
  year={2016}
}

@inproceedings{GoodfellowGenerative:2014,
  title={Generative adversarial nets},
  author={Goodfellow, Ian and Pouget-Abadie, Jean and Mirza, Mehdi and Xu, Bing and Warde-Farley, David and Ozair, Sherjil and Courville, Aaron and Bengio, Yoshua},
  booktitle={Advances in neural information processing systems},
  pages={2672--2680},
  year={2014}
}

@article{DoerschTutoria:2016l,
  title={Tutorial on variational autoencoders},
  author={Doersch, Carl},
  journal={arXiv preprint arXiv:1606.05908},
  year={2016}
}

@article{KingmaIntroduction:2019,
  author    = {Diederik P. Kingma and
               Max Welling},
  title     = {An Introduction to Variational Autoencoders},
  journal   = {CoRR},
  volume    = {abs/1906.02691},
  year      = {2019},
  url       = {http://arxiv.org/abs/1906.02691},
  archivePrefix = {arXiv},
  eprint    = {1906.02691},
  timestamp = {Thu, 13 Jun 2019 13:36:00 +0200},
  biburl    = {https://dblp.org/rec/journals/corr/abs-1906-02691.bib},
  bibsource = {dblp computer science bibliography, https://dblp.org}
}

@misc{TensorflowCNNVAE:online,
author = {},
title = {Convolutional Variational Autoencoder  |  TensorFlow Core},
howpublished = {\url{https://www.tensorflow.org/tutorials/generative/cvae}},
month = {},
year = {},
note = {(Accessed on 12/13/2020)}
}

@misc{TensorFlowCNNVAE:online,
author = {},
title = {Deep Convolutional Generative Adversarial Network  |  TensorFlow Core},
howpublished = {\url{https://www.tensorflow.org/tutorials/generative/dcgan}},
month = {},
year = {},
note = {(Accessed on 12/13/2020)}
}

Missing number, treated as zero. \begin{subfigure}[t]{0.32\textwidth}