@article{GaikwadSmart:2020,
  title={Smart Home Energy Management System for Power System Resiliency},
  author={Gaikwad, Ninad and Raman, Naren Srivaths and Barooah, Prabir},
  journal={arXiv preprint arXiv:2003.05570},
  year={2020}
}

@article{GaikwadSmart1:2020,
  title={Smart Home Energy Management System for Power System Resiliency},
  author={Gaikwad, Ninad and Raman, Naren Srivaths and Barooah, Prabir},
  journal={arXiv preprint arXiv:2003.05570},
  year={2020}
}

@article{GaikwadSmart2:2020,
  title={Smart Home Energy Management System for Power System Resiliency},
  author={Gaikwad, Ninad and Raman, Naren Srivaths and Barooah, Prabir},
  journal={arXiv preprint arXiv:2003.05570},
  year={2020}
}
